

@article{srbr-site,
	Author 		= {Samsung Research},
    Title		= {Global R\&D Network},
	Url 		= {https://research.samsung.com/srbr},
}


@article{Cartilha,
	Author       =	{Carlos Lupi},
	Title        =	{Nova Cartilha Esclarecedora Sobre A Lei do Estágio},
	Editor       =	{Secretaria de Políticas Públicas de Emprego},
	Howpublished =	{\url{http://www.brasil.gov.br/economia-e-emprego/2016/08/cartilha-mte-estagio.pdf}},
	year         =	{2008},
	Edition      =	{Spring 2008},
	Publisher    =	{Ministério do Trabalho e Emprego},
}

@book{Bhasker,
  Author         = {J Bhasker},
  Title          = {Static Timing Analysis for Nanometer Designs},
  Publisher      = {Springer},
  year           = 2009,  
}

@book{Bakshi,
  Author         = {Uday A. Bakshi},
  Title          = {Linear Integrated Circuits},
  Publisher      = {Technical Publications Pune},
  year           = 2010,  
}

@book{Holger,
  Author         = {Holger T. Grahn},
  Title          = {Semiconductor Physics},
  Publisher      = {World Scientific},
  year           = 2001,  
}

@book{Umesh,
  Author         = {Umesh K. Mishra},
  Title          = {Semiconductor Device Physics and Design},
  Publisher      = {Springer},
  year           = 2001,  
}

@book{Amos,
  Author         = {S. W. Amos},
  Title          = {Principles of Transistor Circuits},
  Publisher      = {Butterworths},
  Edition        = 6ed,
  year           = 1981,  
}

@book{Masami,
  Author         = {Masami Kihara},
  Title          = {Digital Clocks for Synchronization and Communications},
  Publisher      = {Artech House},
  Edition        = 1ed,
  year           = 2003,
}

@book{Mano,
  Author         = {M. Morris Mano},
  Title          = {Digital Design},
  Publisher      = {Pearson},
  Edition        = 3ed,
  year           = 2002,
}

@book{Flynn,
  Author         = {Michael J. Flynn},
  Title          = {Computer System Design: System-on-Chip},
  Publisher      = {Wiley},
  Edition        = 1ed,
  year           = 2001,
}

@book{Sridhar,
  Author         = {Sridhar Gangadharan},
  Title          = {Constraining Designs for Synthesis and Timing Analysis},
  Publisher      = {Springer},
  Edition        = 1ed,
  year           = 2013,
}

@book{Ben,
  Author         = {Ben Cohen},
  Title          = {Real Chip Design and Verification},
  Publisher      = {VhdlCohen Publishing},
  Edition        = 1ed,
  year           = 2002,
}

@book{Greg,
  Author         = {Greg Edlund},
  Title          = {Timing Analysis and Simulation for Signal Integrity Engineers},
  Publisher      = {Prentice Hall},
  Edition        = 1ed,
  year           = 2007,
}

@book{Wang,
  Author         = {Wang Fook lee},
  Title          = {VHDL Coding and Logic Synthesis},
  Publisher      = {Academic Press},
  Edition        = 1ed,
  year           = 2000,
}

@book{Bakshi2,
  Author         = {Uday A. Bakshi},
  Title          = {Analog And Digital Electronics},
  Publisher      = {Technical Publications Pune},
  Edition        = 1ed,
  year           = 2009,
}

@article{Krishnendu,
  Author         = {Abhijit Jas and Nur A. Touba},
  Title          = {Deterministic Test Vector Compression/Decompression for Systems-on-a-Chip Using an Embedded Processor},
  Publisher      = {Journal of Electronic Testing},
  Edition        = 18ed,
  year           = 2002,
}

@article{Laung,
  Author         = {Laung-Terng Wang and Cheng-Wen Wu},
  Title          = {VLSI Test Principles and Architectures},
  Publisher      = {Elsevier},
  Edition        = 1ed,
  year           = 2006,
}

@paper{Guirong,
  Author         = {Guirong Wu and Song Jia and Yuan Wang and Ganggang Zhang},
  Title          = {An Efficient Clock Tree Synthesis Method in Physical Design},
  Publisher      = {IEEE},
  year           = 2009,
}